<?xml version="1.0" encoding="UTF-8"?><collection xmlns="http://www.loc.gov/MARC21/slim"><record><leader>00778nam--2200193-u-4500</leader><controlfield tag="001">000053152</controlfield><controlfield tag="002">20161230</controlfield><controlfield tag="005">20161230201051</controlfield><controlfield tag="008">110110s1000------------r-----000-0-eng-d</controlfield><datafield ind1=" " ind2=" " tag="020"><subfield code="a">9810229267</subfield></datafield><datafield ind1=" " ind2=" " tag="040"><subfield code="a">IFIN-HH</subfield></datafield><datafield ind1=" " ind2=" " tag="080"><subfield code="a">539.12...18:539.14(063)</subfield></datafield><datafield ind1="1" ind2=" " tag="100"><subfield code="a">Bertulani, Carlos A</subfield></datafield><datafield ind1="1" ind2="0" tag="245"><subfield code="a">Physics of unstable nuclear beams</subfield><subfield code="b">Proceedings of the first international workshop onphysics of unstable nuclear beams; topics on the structure and interactions of nuclei far from the stability line, 28-13 august 1996, serra negra, sao paulo, brazil</subfield><subfield code="c">CARLOS A. BERTULANI; L. FELIPE CANTO; MAHIR HUSSEIN (Eds.)</subfield></datafield><datafield ind1=" " ind2=" " tag="260"><subfield code="a">Singapore</subfield><subfield code="b">World Scientific</subfield><subfield code="c">1997</subfield></datafield><datafield ind1=" " ind2=" " tag="300"><subfield code="a">390P</subfield></datafield><datafield ind1="1" ind2=" " tag="700"><subfield code="a">Hussein, Majir S</subfield><subfield code="e">Ed</subfield></datafield><datafield ind1=" " ind2=" " tag="852"><subfield code="a">81580</subfield><subfield code="c">539.14</subfield></datafield><datafield ind1=" " ind2=" " tag="CAT"><subfield code="a">Sys</subfield><subfield code="c">20110110</subfield><subfield code="h">093812</subfield></datafield></record></collection>